@article{modFMMSP,
author="Xueli Yan and Yuxin Han and Xingsheng Gu",
title="An improved discrete backtracking searching algorithm for fuzzy multiproduct multistage scheduling problem",
journal="Neurocomputing",
year=2020,
doi={https://doi.org/10.1016/j.neucom.2020.02.066}
}

@article{algMNIG,
author="Weishi Shao and Zhongshi Shao and Dechang Pi",
title="Modeling and multi neighborhood iterated greedy algorithm for distributed hybrid flow shop scheduling problem",
journal="Knowledge-Based Systems",
year=2020,
doi={https://doi.org/10.1016/j.knosys.2020.105527}
}